<record><leader>00000cas a22000007a 4500</leader><controlfield tag="001">12789033</controlfield><controlfield tag="008">851113d1889189uwvuwr ne      0    0eng d</controlfield><datafield ind1=" " ind2=" " tag="010"><subfield code="a">sn 85059642 </subfield></datafield><datafield ind1=" " ind2=" " tag="040"><subfield code="a">WVC</subfield><subfield code="b">eng</subfield><subfield code="c">WVC</subfield><subfield code="d">OCL</subfield><subfield code="d">OCLCQ</subfield></datafield><datafield ind1=" " ind2=" " tag="042"><subfield code="a">msc</subfield></datafield><datafield ind1="0" ind2="4" tag="245"><subfield code="a">The Glenville signal.</subfield></datafield><datafield ind1=" " ind2=" " tag="260"><subfield code="a">Glenville, W. Va. :</subfield><subfield code="b">Joe N. Craddock</subfield></datafield><datafield ind1=" " ind2=" " tag="300"><subfield code="a">v.</subfield></datafield><datafield ind1=" " ind2=" " tag="310"><subfield code="a">Weekly</subfield></datafield><datafield ind1="1" ind2=" " tag="362"><subfield code="a">Began in 1889?</subfield></datafield><datafield ind1=" " ind2=" " tag="500"><subfield code="a">Craddock later published: Imprint, and: Stranger. Cf. Bicentennial Biographies, Gilmer Co., W. Va.</subfield></datafield><datafield ind1=" " ind2=" " tag="580"><subfield code="a">Succeeded by: Gilmer County signal (non-extant).</subfield></datafield><datafield ind1=" " ind2=" " tag="588"><subfield code="a">Description based on: Vol. 2, no. 40 (May 15, 1891).</subfield></datafield><datafield ind1=" " ind2=" " tag="752"><subfield code="a">United States</subfield><subfield code="b">West Virginia</subfield><subfield code="c">Gilmer</subfield><subfield code="d">Glenville.</subfield></datafield><datafield ind1="0" ind2="0" tag="785"><subfield code="t">Gilmer County signal</subfield></datafield></record>